<record><leader>00000cas a2200000 a 4500</leader><controlfield tag="001">242751020</controlfield><controlfield tag="008">080809u1881uuuunhumr ne      0    0eng c</controlfield><datafield ind1=" " ind2=" " tag="010"><subfield code="a">  2013257136</subfield></datafield><datafield ind1=" " ind2=" " tag="040"><subfield code="a">NL4</subfield><subfield code="b">eng</subfield><subfield code="c">NL4</subfield><subfield code="d">NL4</subfield><subfield code="d">OCLCQ</subfield><subfield code="d">INU</subfield></datafield><datafield ind1=" " ind2=" " tag="042"><subfield code="a">pcc</subfield></datafield><datafield ind1=" " ind2=" " tag="043"><subfield code="a">n-us-nh</subfield></datafield><datafield ind1="0" ind2=" " tag="130"><subfield code="a">Academian (Pembroke Academy)</subfield></datafield><datafield ind1="1" ind2="4" tag="245"><subfield code="a">The academian.</subfield></datafield><datafield ind1=" " ind2=" " tag="260"><subfield code="a">Pembroke, N.H. :</subfield><subfield code="b">Students of Pembroke Academy</subfield></datafield><datafield ind1=" " ind2=" " tag="300"><subfield code="a">v. ;</subfield><subfield code="c">30 cm.</subfield></datafield><datafield ind1=" " ind2=" " tag="310"><subfield code="a">Monthly</subfield></datafield><datafield ind1="1" ind2=" " tag="362"><subfield code="a">Began with vol. 1, no. 1 (Dec. 1881)?</subfield></datafield><datafield ind1=" " ind2=" " tag="515"><subfield code="a">Numbering restarted:  issues for Dec. 1904- called v. 1, no. 1-</subfield></datafield><datafield ind1=" " ind2=" " tag="588"><subfield code="a">Description based on: Vol. 6, no. 2 (Oct. 15, 1883); title from caption.</subfield></datafield><datafield ind1=" " ind2=" " tag="588"><subfield code="a">Latest issue consulted: Vol. 6, no. 2 (Oct. 15, 1883).</subfield></datafield><datafield ind1="2" ind2="0" tag="610"><subfield code="a">Pembroke Academy</subfield><subfield code="v">Newspapers.</subfield></datafield><datafield ind1=" " ind2="0" tag="651"><subfield code="a">Pembroke (N.H.)</subfield><subfield code="v">Newspapers.</subfield></datafield><datafield ind1=" " ind2="0" tag="655"><subfield code="a">Student newspapers and periodicals.</subfield></datafield><datafield ind1="2" ind2=" " tag="710"><subfield code="a">Pembroke Academy.</subfield></datafield></record>